@misc{Schwarz,
	Author={Roger Schwarz},
	Title={The skilled Facilitator},
	Year=2002
}
@misc{Johnson,
	Author={Johnson, David W. and Johnson, Frank P.},
	Title={Joining together: Group theory and group skills (4th ed.)},
	Year=1991
}
@misc{bonos,
	Author={de Bono, Edward},
	Title={Six Thinking Hats: An Essential Approach to Business
Management},
	Howpublished={Little, Brown, \& Company},
	Year=1985
}
@misc{Scrum,
	Author={Schwaver, Ken and Sutherland, Jeff},
	Howpublished={\url{http://www.scrum.org/storage/scrumguides/Scrum%20Guide%20-%20NO.pdf#view=fit}},
	Year=2010
}
