@misc{test2,
	Author={forfatter},
	Title={tittel},
	Howpublished={\url{publisert her}},
	Year=1999
}
