@misc{test,
	Author={forfatter},
	Title={tittel},
	Howpublished={\url{publisert her}},
	Year=1999
}
